
@article{ORBSLAM3_2020,
  title={{ORB-SLAM3}: An Accurate Open-Source Library for Visual, Visual-Inertial 
           and Multi-Map {SLAM}},
  author={Campos, Carlos AND Elvira, Richard AND G\'omez, Juan J. AND Montiel, 
          Jos\'e M. M. AND Tard\'os, Juan D.},
  journal={arXiv preprint arXiv:2007.11898},
  year={2020}
 }
 
 @article{murORB2,
  title={{ORB-SLAM2}: an Open-Source {SLAM} System for Monocular, Stereo and {RGB-D} Cameras},
  author={Mur-Artal, Ra\'ul and Tard\'os, Juan D.},
  journal={IEEE Transactions on Robotics},
  volume={33},
  number={5},
  pages={1255--1262},
  doi = {10.1109/TRO.2017.2705103},
  year={2017}
 }
 
@article{murAcceptedTRO2015,
  title={{ORB-SLAM}: a Versatile and Accurate Monocular {SLAM} System},
  author={Mur-Artal, Ra\'ul and Montiel, J. M. M. and Tard\'os, Juan D.},
  journal={IEEE Transactions on Robotics},
  volume={31},
  number={5},
  pages={1147--1163},
  doi = {10.1109/TRO.2015.2463671},
  year={2015}
 }
 
@article{qin2017vins,
  title={VINS-Mono: A Robust and Versatile Monocular Visual-Inertial State Estimator},
  author={Qin, Tong and Li, Peiliang and Shen, Shaojie},
  journal={IEEE Transactions on Robotics}, 
  year={2018},
  volume={34}, 
  number={4}, 
  pages={1004-1020}
}
@Conference{Geneva2020ICRA,
  Title      = {OpenVINS: A Research Platform for Visual-Inertial Estimation},
  Author     = {Patrick Geneva and Kevin Eckenhoff and Woosik Lee and Yulin Yang and Guoquan Huang},
  Booktitle  = {Proc. of the IEEE International Conference on Robotics and Automation},
  Year       = {2020},
  Address    = {Paris, France},
  Url        = {\url{https://github.com/rpng/open_vins}}
}

@inproceedings{quigley2009ros,
  title={ROS: an open-source Robot Operating System},
  author={Quigley, Morgan and Conley, Ken and Gerkey, Brian and Faust, Josh and Foote, Tully and Leibs, Jeremy and Wheeler, Rob and Ng, Andrew Y},
  booktitle={ICRA workshop on open source software},
  volume={3},
  number={3.2},
  pages={5},
  year={2009},
  organization={Kobe, Japan}
}
@MISC{ROSWiki,
author = {Wiki, ROS},
title = {Wiki ROS},
year = {2009},
howpublished={\url{http://wiki.ros.org/Documentation}}
}

@MISC{GeographicLib,
    author = {Karney,C.F.F},
    title = {GeographicLib},
    date = {2019-09-24},
    version = {v1.51},
    howpublished={\url{https://geographiclib.sourceforge.io/1.51}},
    year = {2019}
}

@INPROCEEDINGS{7487628,
  author={J. {Rehder} and J. {Nikolic} and T. {Schneider} and T. {Hinzmann} and R. {Siegwart}},
  booktitle={2016 IEEE International Conference on Robotics and Automation (ICRA)}, 
  title={Extending kalibr: Calibrating the extrinsics of multiple IMUs and of individual axes}, 
  year={2016},
  volume={},
  number={},
  pages={4304-4311},
  doi={10.1109/ICRA.2016.7487628}}
  
@INPROCEEDINGS{6696514,
  author={P. {Furgale} and J. {Rehder} and R. {Siegwart}},
  booktitle={2013 IEEE/RSJ International Conference on Intelligent Robots and Systems}, 
  title={Unified temporal and spatial calibration for multi-sensor systems}, 
  year={2013},
  volume={},
  number={},
  pages={1280-1286},
  doi={10.1109/IROS.2013.6696514}}
  
@INPROCEEDINGS{6225005,  
author={P. {Furgale} and T. D. {Barfoot} and G. {Sibley}},  booktitle={2012 IEEE International Conference on Robotics and Automation},   title={Continuous-time batch estimation using temporal basis functions},
year={2012}, 
volume={},  number={}, 
pages={2088-2095},  
doi={10.1109/ICRA.2012.6225005}
}
  
@MISC{Kalibr,
author = {Furgale, Paul and Rehder, Joern and Hinzmann, Timo },
title = {Kalibr},
year = {2014},
howpublished={\url{https://github.com/ethz-asl/kalibr}}
}

@MISC{kalibrallan,
author = {RPNG group},
title = {kalibr\_allan},
year = {2019},
howpublished={\url{https://github.com/rpng/kalibr_allan}}
}

@MISC{DJI_OSDK,
author = {DJI},
title = {DJI Onboard SDK},
year = {2020},
howpublished={\url{https://github.com/dji-sdk/Onboard-SDK}}
}

@MISC{DJI_OSDK_ROS,
author = {DJI},
title = {DJI Onboard SDK ROS},
year = {2020},
howpublished={\url{https://github.com/dji-sdk/Onboard-SDK-ROS}}
}

@article{Burri25012016,
author = {Burri, Michael and Nikolic, Janosch and Gohl, Pascal and Schneider, Thomas and Rehder, Joern and Omari, Sammy and Achtelik, Markus W and Siegwart, Roland}, 
title = {The EuRoC micro aerial vehicle datasets},
year = {2016}, 
doi = {10.1177/0278364915620033}, 
URL = {http://ijr.sagepub.com/content/early/2016/01/21/0278364915620033.abstract}, 
eprint = {http://ijr.sagepub.com/content/early/2016/01/21/0278364915620033.full.pdf+html}, 
journal = {The International Journal of Robotics Research} 
}

@INPROCEEDINGS{7487266,  
author={Concha, Alejo and Loianno, Giuseppe and Kumar, Vijay and Civera, Javier},
booktitle={2016 IEEE International Conference on Robotics and Automation (ICRA)},   title={Visual-inertial direct SLAM},
year={2016},
volume={},  number={},  
pages={1331-1338},  
doi={10.1109/ICRA.2016.7487266}}

@Article{Luo2020,
author={Luo, Kaiqing
and Lin, Manling
and Wang, Pengcheng
and Zhou, Siwei
and Yin, Dan
and Zhang, Haolan},
title={Improved ORB-SLAM2 Algorithm Based on Information Entropy and Image Sharpening Adjustment},
journal={Mathematical Problems in Engineering},
year={2020},
month={Sep},
day={23},
publisher={Hindawi},
volume={2020},
pages={4724310},
issn={1024-123X},
doi={10.1155/2020/4724310},
url={https://doi.org/10.1155/2020/4724310}
}

@inproceedings{Yang2020,
author = {Yang, Yulin and Geneva, Patrick and Zuo, Xingxing and Huang, Guoquan},
year = {2020},
month = {Jul},
pages = {},
title = {Online IMU Intrinsic Calibration: Is It Necessary?},
doi = {10.15607/RSS.2020.XVI.026}
}

@inproceedings{schoenberger2016sfm,
    author={Sch\"{o}nberger, Johannes Lutz and Frahm, Jan-Michael},
    title={Structure-from-Motion Revisited},
    booktitle={Conference on Computer Vision and Pattern Recognition (CVPR)},
    year={2016},
}

@MISC{vid_rectify,
author = {Manjunath, Shreyas},
title = {Stereo rectification ROS node for UAVs},
year = {2021},
month = {March},
howpublished={\url{https://github.com/ShreyasManjunath/vid_rectify}}
}

@article{opencv_library,
    author = {Bradski, G.},
    citeulike-article-id = {2236121},
    journal = {Dr. Dobb's Journal of Software Tools},
    keywords = {bibtex-import},
    posted-at = {2008-01-15 19:21:54},
    priority = {4},
    title = {{The OpenCV Library}},
    year = {2000}
}
